@article{art1,
  title={titulo},
  author={Autor1 AND Autor2},
  journal={Revista},
  volume={001},
  number={000},
  pages={1000--1100},
  year={2000},
  publisher={Grupo editorial}
}



@BOOK{Libro1,
  title = {Titulo libro},
  publisher = {Editor},
  year = {2006},
  author = {Autor1 and Autor2}
}

 

@INPROCEEDINGS{Congreso1,
  author = {Autor1 and Autor2},
  title = {Titulo del artículo},
  booktitle = {Titulo del libro},
  year = {1993},
  editor = {Editor1 and Editor2},
  pages = {103},
  publisher = {Editorial}
}

@unpublished{unpublished1,
author	= "Autor1 and Autor2",
	title	= "Título ",
	note	= "Notas"
}

@misc{internet1,
  title = {titulo},
  howpublished = {\url{http://githube/ata0k}},
  note = {fecha de revision}
}
